%مراجع خود را در این قسمت وارد کنید.
% دستوری برای کوچک کردن اندازه فونت‌ها 
%یک مثال را در زیر می‌بینید.

@article{boutaba2018comprehensive,
  title={A comprehensive survey on machine learning for networking: evolution, applications and research opportunities},
  author={Boutaba, Raouf and Salahuddin, Mohammad A and Limam, Noura and Ayoubi, Sara and Shahriar, Nashid and Estrada-Solano, Felipe and Caicedo, Oscar M},
  journal={Journal of Internet Services and Applications},
  volume={9},
  number={1},
  pages={1--99},
  year={2018},
  publisher={Springer}
}

@article{wang2017machine,
  title={Machine learning for networking: Workflow, advances and opportunities},
  author={Wang, Mowei and Cui, Yong and Wang, Xin and Xiao, Shihan and Jiang, Junchen},
  journal={Ieee Network},
  volume={32},
  number={2},
  pages={92--99},
  year={2017},
  publisher={IEEE}
}